@book{latombe_robot_1991,
  address = {Boston, MA},
  title = {Robot Motion Planning},
  copyright = {http://www.springer.com/tdm},
  isbn = {978-0-7923-9206-4},
  url = {http://link.springer.com/10.1007/978-1-4615-4022-9},
  language = {en},
  urldate = {2024-11-16},
  publisher = {Springer US},
  author = {Latombe Jean-Claude},
  year = {1991},
  doi = {10.1007/978-1-4615-4022-9},
  file = {PDF:/home/fabien/snap/zotero-snap/common/Zotero/storage/7WGR8YWD/Latombe - 1991 - Robot Motion Planning.pdf:application/pdf}
}



@inproceedings{bhattacharyya_robot_2008,
  title = {Robot Path Planning Using Silhouette Method},
  author = {Bhattacharyya Aneeta and Singla Ekta and Dasgupta Bhaskar},
  booktitle = {13th National Conference on Mechanisms and Machines},
  year = {2008},
  month = {January},
  pages = {12--13}
}

@inproceedings{garrido_path_2006,
  author = {Garrido Santiago and Moreno Luis and Abderrahim Mohamed and Martin Fernando},
  booktitle = {2006 IEEE/RSJ International Conference on Intelligent Robots and Systems},
  title = {Path Planning for Mobile Robot Navigation Using Voronoi Diagram and Fast Marching},
  year = {2006},
  pages = {2376--2381},
  keywords = {Path planning, Mobile robots, Navigation, Robot sensing systems, Skeleton, Trajectory, Shape, Sensor phenomena and characterization, Planning, Intelligent robots},
  doi = {10.1109/IROS.2006.282649}
}

@article{visibility_graph_1979,
  title = {An Algorithm for Planning Collision-Free Paths Among Polyhedral Obstacles},
  author = {Lozano-Pérez Tomás and Wesley Michael A.},
  journal = {Communications of the ACM},
  publisher = {Association for Computing Machinery},
  year = {1979},
  issn = {1557-7317},
  language = {en}
}

@article{zhu_new_1991,
  title = {New Heuristic Algorithms for Efficient Hierarchical Path Planning},
  author = {Zhu David and Latombe Jean-Claude},
  journal = {IEEE Transactions on Robotics and Automation},
  year = {1991},
  volume = {7},
  pages = {9--20},
  url = {https://api.semanticscholar.org/CorpusID:21438079}
}

@article{kedem_efficient_1990,
  author = {Kedem K. and Sharir M.},
  title = {An Efficient Motion-Planning Algorithm for a Convex Polygonal Object in Two-Dimensional Polygonal Space},
  journal = {Discrete and Computational Geometry},
  keywords = {polygon motion, time-complexity, computational geometry, polygonal obstacles},
  number = {1},
  pages = {43--76},
  volume = {5},
  year = {1990},
  url = {http://eudml.org/doc/131106}
}

@inproceedings{avnaim_practical_1988,
  title = {A Practical Exact Motion Planning Algorithm for Polygonal Objects Amidst Polygonal Obstacles},
  author = {Avnaim Francis and Boissonnat Jean-Daniel and Faverjon Bernard},
  booktitle = {Proceedings of the 1988 IEEE International Conference on Robotics and Automation},
  year = {1988},
  pages = {1656--1661},
  volume = {3},
  url = {https://api.semanticscholar.org/CorpusID:37779065}
}

@inproceedings{koren_potential_1991,
  author = {Koren Y. and Borenstein J.},
  booktitle = {Proceedings of the 1991 IEEE International Conference on Robotics and Automation},
  title = {Potential Field Methods and Their Inherent Limitations for Mobile Robot Navigation},
  year = {1991},
  pages = {1398--1404},
  volume = {2},
  keywords = {Mobile robots, Navigation, Histograms, Robot kinematics, Vehicles, Force sensors, Mechanical engineering, Manipulators, Heart, Differential equations},
  doi = {10.1109/ROBOT.1991.131810}
}
